<record><leader>00000cas a22000007a 4500</leader><controlfield tag="001">45392316</controlfield><controlfield tag="008">001118d19891991inuwr ne      0    0eng d</controlfield><datafield ind1=" " ind2=" " tag="010"><subfield code="a">sn 00065017 </subfield></datafield><datafield ind1=" " ind2=" " tag="040"><subfield code="a">NPI</subfield><subfield code="b">eng</subfield><subfield code="c">NPI</subfield><subfield code="d">OCLCF</subfield><subfield code="d">OCLCO</subfield></datafield><datafield ind1="1" ind2=" " tag="029"><subfield code="a">AU@</subfield><subfield code="b">000024731482</subfield></datafield><datafield ind1=" " ind2=" " tag="042"><subfield code="a">msc</subfield></datafield><datafield ind1=" " ind2=" " tag="043"><subfield code="a">n-us-in</subfield></datafield><datafield ind1="0" ind2=" " tag="130"><subfield code="a">Calumet press (Ridge ed.)</subfield></datafield><datafield ind1="0" ind2="4" tag="245"><subfield code="a">The Calumet press.</subfield></datafield><datafield ind1=" " ind2=" " tag="250"><subfield code="a">Ridge ed.</subfield></datafield><datafield ind1=" " ind2=" " tag="260"><subfield code="a">Highland, IN :</subfield><subfield code="b">Calumet Press,</subfield><subfield code="c">1989-1991.</subfield></datafield><datafield ind1=" " ind2=" " tag="300"><subfield code="a">3 v. :</subfield><subfield code="b">ill.</subfield></datafield><datafield ind1=" " ind2=" " tag="310"><subfield code="a">Weekly</subfield></datafield><datafield ind1="0" ind2=" " tag="362"><subfield code="a">Vol. 31, no. 44 (Nov. 15, 1989)-v. 33, no. 9 (Mar. 13, 1991).</subfield></datafield><datafield ind1=" " ind2="0" tag="651"><subfield code="a">Highland (Ind.)</subfield><subfield code="v">Newspapers.</subfield></datafield><datafield ind1=" " ind2="7" tag="655"><subfield code="a">Newspapers.</subfield><subfield code="2">fast</subfield><subfield code="0">(OCoLC)fst01423814</subfield></datafield><datafield ind1=" " ind2="7" tag="651"><subfield code="a">Indiana</subfield><subfield code="z">Highland.</subfield><subfield code="2">fast</subfield><subfield code="0">(OCoLC)fst01218068</subfield></datafield><datafield ind1=" " ind2=" " tag="752"><subfield code="a">United States</subfield><subfield code="b">Indiana</subfield><subfield code="c">Lake</subfield><subfield code="d">Highland.</subfield></datafield><datafield ind1="0" ind2="0" tag="780"><subfield code="t">Calumet press</subfield><subfield code="w">(DLC)sn 87055767</subfield></datafield><datafield ind1="0" ind2="6" tag="785"><subfield code="t">Calumet press (Ridge east)</subfield><subfield code="x">1075-6981</subfield><subfield code="w">(DLC)sn 94004811</subfield></datafield><datafield ind1="0" ind2="6" tag="785"><subfield code="t">Calumet press (Ridge west)</subfield><subfield code="x">1075-699X</subfield><subfield code="w">(DLC)sn 94004810</subfield></datafield></record>